<record><leader>00000cas a22000007a 4500</leader><controlfield tag="001">13404795</controlfield><controlfield tag="008">860408d18741874utuir ne      0    0eng d</controlfield><datafield ind1=" " ind2=" " tag="010"><subfield code="a">sn 86091302 </subfield></datafield><datafield ind1=" " ind2=" " tag="040"><subfield code="a">UNP</subfield><subfield code="b">eng</subfield><subfield code="c">UNP</subfield><subfield code="d">NJW</subfield><subfield code="d">OCL</subfield><subfield code="d">UBY</subfield><subfield code="d">OCLCQ</subfield><subfield code="d">OCLCF</subfield><subfield code="d">OCLCO</subfield></datafield><datafield ind1=" " ind2=" " tag="042"><subfield code="a">msc</subfield></datafield><datafield ind1=" " ind2=" " tag="043"><subfield code="a">n-us-ut</subfield></datafield><datafield ind1="0" ind2="4" tag="245"><subfield code="a">The Provo times.</subfield></datafield><datafield ind1="3" ind2="0" tag="246"><subfield code="a">Provo tri-weekly times</subfield></datafield><datafield ind1=" " ind2=" " tag="260"><subfield code="a">Provo City, Utah :</subfield><subfield code="b">R.T. Newman [et al],</subfield><subfield code="c">1874.</subfield></datafield><datafield ind1=" " ind2=" " tag="300"><subfield code="a">v. :</subfield><subfield code="b">ill. (chiefly advertisements)</subfield></datafield><datafield ind1=" " ind2=" " tag="310"><subfield code="a">Trweekly</subfield></datafield><datafield ind1="0" ind2=" " tag="362"><subfield code="a">Vol. 1, no. 208 (Apr. 5, 1874)-</subfield></datafield><datafield ind1="1" ind2=" " tag="362"><subfield code="a">Ceased with Sept. 9, 1874 issue.</subfield></datafield><datafield ind1=" " ind2=" " tag="500"><subfield code="a">Published as: Provo tri-weekly times, Apr. 6, 1874-</subfield></datafield><datafield ind1=" " ind2="0" tag="651"><subfield code="a">Provo (Utah)</subfield><subfield code="v">Newspapers.</subfield></datafield><datafield ind1=" " ind2="0" tag="651"><subfield code="a">Utah County (Utah)</subfield><subfield code="v">Newspapers.</subfield></datafield><datafield ind1=" " ind2="7" tag="655"><subfield code="a">Newspapers.</subfield><subfield code="2">fast</subfield><subfield code="0">(OCoLC)fst01423814</subfield></datafield><datafield ind1=" " ind2="7" tag="651"><subfield code="a">Utah</subfield><subfield code="z">Provo.</subfield><subfield code="2">fast</subfield><subfield code="0">(OCoLC)fst01204536</subfield></datafield><datafield ind1=" " ind2="7" tag="651"><subfield code="a">Utah</subfield><subfield code="z">Utah County.</subfield><subfield code="2">fast</subfield><subfield code="0">(OCoLC)fst01207105</subfield></datafield><datafield ind1=" " ind2=" " tag="752"><subfield code="a">United States</subfield><subfield code="b">Utah</subfield><subfield code="c">Utah</subfield><subfield code="d">Provo.</subfield></datafield><datafield ind1="0" ind2="0" tag="780"><subfield code="t">Provo daily times</subfield><subfield code="w">(DLC)sn 86091301</subfield><subfield code="w">(OCoLC)13404721</subfield></datafield><datafield ind1="0" ind2="0" tag="785"><subfield code="t">Utah County times</subfield><subfield code="w">(DLC)sn 86091303</subfield><subfield code="w">(OCoLC)13404856</subfield></datafield></record>